@ARTICLE{Adams-1986a,
   author    = "{Adams et al.}",
   title     = "The {S}eville Statement on Violence", 
   journal   = "6th International Colloquium \emph{on} Brain and Aggression",
   year      = 1986,
}

@ARTICLE{tese1,
   author    = "{Palha, R.}",
   title     = " Interacção entre um dispositivo móvel e um ecrã de grandes dimensões, Tese de Mestrado", 
   journal   = "Departamento de Electrónica, Telecomunicações e Informática, Universidade de Aveiro",
   year      = 2010,
}


@BOOK{book1,
   author    = "PMBOK Guide",
   title     = "A Guide to the Project Management Body of Knowledge",
   publisher = "Fourth Edition",
   year      = 2008,
   note      = "Project Management Institute",
}





@ARTICLE{tese2,
   author    = "{Duarte, F. M. M.}",
   title     = "Interacção com ecrãs públicos através de um dispositivo móvel, Tese de Mestrado", 
   journal   = "Universidade de Aveiro",
   year      = 2011,
}


@ARTICLE{tese3,
   author    = "{Sousa, T., J. Parracho, et al.}",
   title     = " Interação com ecrãs de larga dimensão usando o kinect. Atas da 5ª conferência Nacional sobre Interação - Interação 2013", 
   journal   = "Universidade de Trás-os-Montes e Alto Douro, Portugal",
   year      = 2013,
}



  year = {2014}, 
  
}


@misc{palha1,
  author = {The Economic Times},
  title = {{Microsoft to launch xbox kinect console in November}},
  howpublished = "\url{http://articles.economictimes.indiatimes.com/2010-08-16/news/27569063_1_gaming-market-ps2-gaming-consoles}",
  year = {2010}, 
  note = "[Online; accessed 20-02-2015]"
}





@MANUAL{AmSLaTeX-1995a,
   author    = "{American Mathematical Society}",
   title     = "\amslatex/ Version 1.2 User's Guide",
   month     = jan,
   year      = 1995,
   note      = "Filename: \fn{amsldoc.dvi}",
}

@misc{uaonline,
  author = {Jornal digital da Universidade de Aveiro},
  title = {{Aplicação instalada à entrada do DETI é um laboratório em contínuo desenvolvimento}},
  howpublished = "\url{https://uaonline.ua.pt/pub/detail.asp?c=38786&lg=pt}",
  year = {2014}, 
  note = "[Online; accessed 23-02-2015]"
}




@MANUAL{Barroca-1995a,
   author    = "L. Barroca",
   title     = "A style option for rotated objects in \latex/",
   editiontype = "Version",
   edition   = "2.10",
   month     = aug,
   year      = 1995,
   note      = "Filename: \fn{rotating.dvi}",
}
@MANUAL{Gamble-1996a,
   author    = "G. Gamble",
   title     = "The \pkg{uwamaths} package",
   editiontype = "Version",
   edition   = "1.0d",
   month     = may,
   year      = 1996,
   note      = "Filename: \fn{uwamaths.dvi}",
}
@ARTICLE{Gill-1980a,
   author    = "A. E. Gill",
   title     = "Some Simple Solutions for Heat-Induced Tropical Circulation",
   journal   = "Quart. J. R. Met. Soc.",
   volume    = 106,
   year      = 1980,
   pages     = "447-462",
}
@BOOK{Goossens-1994a,
   author    = "M. Goossens and F. Mittelbach and A. Samarin",
   title     = "The \latex/ Companion",
   publisher = "Addison-Wesley",
   year      = 1994,
}
@BOOK{Knuth-1984a,
   author    = "D. E. Knuth",
   title     = "The \tex/book",
   publisher = "Addison-Wesley",
   year      = 1984,
   note      = "Describes \tex/ in detail",
}
@BOOK{Lamport-1985a,
   author    = "L. Lamport",
   title     = "\latex/ -- A Document Preparation System",
   publisher = "Addison-Wesley",
   edition   = "first",
   year      = 1985,
   note      = "Describes \latex/ 2.09",
}
@BOOK{Lamport-1994a,
   author    = "L. Lamport",
   title     = "\latex/ -- A Document Preparation System",
   publisher = "Addison-Wesley",
   edition   = "second",
   year      = 1994,
   note      = "Updated for \LaTeXe",
}
@MANUAL{Latex3-1995a,
   author    = "{The \latex/3  Project Team}",
   title     = "\latexe/ for authors",
   month     = jun,
   year      = 1995,
   note      = "Filename: \fn{usrguide.dvi}",
}
@MANUAL{Oetiker-1996a,
   author    = "T. Oetiker",
   title     = "The Not So Short Introduction to \latexe/",
   editiontype = "Version",
   edition   = "2.2",
   month     = jan,
   year      = 1996,
   note      = "Filename: \fn{lshort2e.dvi}",
}
@BOOK{Shakespeare-1946,
   author    = "W. Shakespeare",
   title     = "Hamlet",
   publisher = "F.~S.~Crofts~\&~Co.",
   address   = "New York",
   year      = 1946,
   note      = "Act~I, Scene~3, Lines~70--72, are apropos",
}