%% LaTeX2e file `example.bib'
%% generated by the `filecontents' environment
%% from source `example' on 2017/01/23.
%%
 @misc{thz_net,
  title={Terahertz applications },
  url={http://thznetwork.net/index.php/thz-images},
  urldate={2014-07-15},
 }
