Automatically generated by Mendeley Desktop 1.17.6
Any changes to this file will be lost if it is regenerated by Mendeley.

BibTeX export options can be customized via Options -> BibTeX in Mendeley Desktop

@article{Our2013,
author = {Our, T},
file = {:C$\backslash$:/Users/RuiOliveira/Dropbox/TESE-drop/7{\_}Artigos{\_}IOT/monografia/perera2014 (17).pdf:pdf},
pages = {1--5},
title = {{Resume : Context Aware Computing for The Internet of Things : A Survey Article 2013}},
year = {2013}
}
