Automatically generated by Mendeley Desktop 1.17.6
Any changes to this file will be lost if it is regenerated by Mendeley.

BibTeX export options can be customized via Options -> BibTeX in Mendeley Desktop

@misc{Z,
author = {Z},
booktitle = {dsad},
pages = {wqwq},
title = {{Internet das Coisas (IoT) a custo zero - Artigos - Tecnologia - Administradores.com}},
url = {http://www.administradores.com.br/artigos/tecnologia/internet-das-coisas-iot-a-custo-zero/92084/},
urldate = {2017-01-23}
}
@misc{Toz,
author = {Toz{\'{e}}},
booktitle = {21},
title = {{Networked Art - IoT Internet of Things Awards}},
url = {http://www.postscapes.com/internet-of-things-award/networked-art/{\#}winners},
urldate = {2017-01-23},
year = {2221}
}
@misc{Jose12,
abstract = {Provides a listing of board members, committee members, editors, and society officers.},
author = {Jose},
booktitle = {dsad},
doi = {10.1109/JIOT.2016.2591762},
isbn = {2327-4662 VO - 3},
issn = {2327-4662},
keywords = {dasd,sadas},
number = {4},
pages = {C3--C3},
title = {{IEEE Internet of Things Journal}},
url = {http://www.ieeer8.org/news/ieee-academic-larry-k-wilson-award-recipient/ http://www.ua.pt/sbidm/biblioteca/page/16342 http://ieeexplore.ieee.org/xpl/RecentIssue.jsp?punumber=6488907},
urldate = {2017-01-23},
volume = {3},
year = {12}
}
